% Encoding: UTF-8

@Book{bransden2000,
  title     = {Quantum mechanics},
  publisher = {Pearson Education India},
  year      = {2000},
  author    = {Bransden, Brian Harold},
}

@Book{krane1988,
  title     = {Introductory nuclear physics},
  publisher = {Wiley New York},
  year      = {1988},
  author    = {Krane, Kenneth S and Halliday, David},
  volume    = {465},
}

@Book{tipler2007physics,
  title     = {Physics for scientists and engineers},
  publisher = {Macmillan},
  year      = {2007},
  author    = {Tipler, Paul A and Mosca, Gene},
}

@Book{kittel1963quantum,
  title     = {Quantum theory of solids},
  publisher = {Wiley New York},
  year      = {1963},
  author    = {Kittel, Charles and Fong, Ching-yao},
  volume    = {3},
}

@Comment{jabref-meta: databaseType:bibtex;}
